@string{apj = "ApJ"}


@article{Burrow_etal_2020,
 adsnote = {Provided by the SAO/NASA Astrophysics Data System},
 adsurl = {https://ui.adsabs.harvard.edu/abs/2020ApJ...901..154B},
 archiveprefix = {arXiv},
 author = {{Burrow}, Anthony and {Baron}, E. and {Ashall}, Chris and {Burns}, Christopher R. and {Morrell}, N. and {Stritzinger}, Maximilian D. and {Brown}, Peter J. and {Folatelli}, G. and {Freedman}, Wendy L. and {Galbany}, Llu{\'\i}s and {Hoeflich}, P. and {Hsiao}, Eric Y. and {Krisciunas}, Kevin and {Phillips}, M.~M. and {Piro}, Anthony L. and {Suntzeff}, Nicholas B. and {Uddin}, Syed},
 doi = {10.3847/1538-4357/abafa2},
 eid = {154},
 eprint = {2008.07636},
 journal = {\apj},
 keywords = {Type Ia supernovae, 1728, Astrophysics - High Energy Astrophysical Phenomena, Astrophysics - Solar and Stellar Astrophysics},
 month = {October},
 number = {2},
 pages = {154},
 primaryclass = {astro-ph.HE},
 title = {{Carnegie Supernova Project: Classification of Type Ia Supernovae}},
 volume = {901},
 year = {2020}
}

@software{Burrow_2024_SNEx,
 author       = {Anthony Burrow},
 doi          = {10.5281/zenodo.10849861},
 month        = {mar},
 publisher    = {Zenodo},
 title        = {anthonyburrow/SNEx: v1.0.0: First release},
 url          = {https://doi.org/10.5281/zenodo.10849861},
 version      = {1.0.0},
 year         = {2024}
}

@ARTICLE{Burrow_etal_2024,
       author = {{Burrow}, Anthony and {Baron}, E. and {Burns}, Christopher R. and {Hsiao}, Eric Y. and {Lu}, Jing and {Ashall}, Chris and {Brown}, Peter J. and {DerKacy}, James M. and {Folatelli}, G. and {Galbany}, Llu{\'\i}s and {Hoeflich}, P. and {Krisciunas}, Kevin and {Morrell}, N. and {Phillips}, M.~M. and {Shappee}, Benjamin J. and {Stritzinger}, Maximilian D. and {Suntzeff}, Nicholas B.},
        title = "{Extrapolation of Type Ia Supernova Spectra into the Near-Infrared Using PCA}",
      journal = {arXiv e-prints},
     keywords = {Astrophysics - High Energy Astrophysical Phenomena, Astrophysics - Solar and Stellar Astrophysics},
         year = 2024,
        month = apr,
          eid = {arXiv:2404.04724},
        pages = {arXiv:2404.04724},
          doi = {10.48550/arXiv.2404.04724},
archivePrefix = {arXiv},
       eprint = {2404.04724},
 primaryClass = {astro-ph.HE},
       adsurl = {https://ui.adsabs.harvard.edu/abs/2024arXiv240404724B},
      adsnote = {Provided by the SAO/NASA Astrophysics Data System}
}
